@BOOK{BISHOP,
TITLE = "Pattern Recognition and Machine Learning",
AUTHOR = "Bishop, Christopher M.",
PUBLISHER = "Springer",
YEAR = "2006"}

@INPROCEEDINGS{SVMLIB,
  TITLE = "LIBSVM: A Library for Support Vector Machines",
  AUTHOR = "Chang,Chih-Chung and Lin, Chih-Jen",
  PUBLISHER = "National Taiwan University",
  YEAR = "2001"}

@INPROCEEDINGS{GOOGLE,
  TITLE = "The Anatomy of a Large-Scale Hypertextual Web Search Engine",
  AUTHOR = "Page, Larry and Brin, Sergey",
  PUBLISHER = "Stanford University",
  YEAR = "1998"}

@ARTICLE{DOMINGOS,
  TITLE = "A few useful things to know about machine learning",
  AUTHOR = "Domingos, Pedro",
  PUBLISHER = "University of Washington"}

@INPROCEEDINGS{OPTIM,
  TITLE = "On the Optimality of the Simple Bayesian Classifier
under Zero-One Loss",
  AUTHOR = "Domingos, Pedro",
  PUBLISHER = "Kluwer Academic Publishers",
  YEAR = "1997"}

@INPROCEEDINGS{Domingos96,
  author = {Pedro Domingos and Michael Pazzani},
  title = {Beyond Independence: Conditions for the Optimality of the Simple Bayesian Classifier},
  booktitle = {Machine Learning},
  year = {1996},
  pages = {105--112},
  publisher = {Morgan Kaufmann}
}
